@article{nikodem2016quantum,
  title={Quantum Nuclear Dynamics Pumped and Probed by Ultrafast Polarization Controlled Steering of a Coherent Electronic State in LiH},
  author={Nikodem, Astrid and Levine, Raphael D and Remacle, Francoise},
  journal={The Journal of Physical Chemistry A},
  volume={120},
  number={19},
  pages={3343--3352},
  year={2016},
  publisher={ACS Publications}
}

@article{mignolet2014charge,
  title={Charge migration in the bifunctional PENNA cation induced and probed by ultrafast ionization: A dynamical study},
  author={Mignolet, Beno{\^\i}t and Levine, RD and Remacle, Fran{\c{c}}oise},
  journal={Journal of Physics B: Atomic, Molecular and Optical Physics},
  volume={47},
  number={12},
  pages={124011},
  year={2014},
  publisher={IOP Publishing}
}

@article{nikodem2016controlling,
  title={Controlling coherent quantum nuclear dynamics in LiH by ultra short IR atto pulses},
  author={Nikodem, Astrid and Levine, RD and Remacle, Fran{\c{c}}oise and Yamanouchi, K and Hill, W and Paulus, FG},
  journal={Progress in Ultrafast Laser Science XIII},
  pages={in--press},
  year={2016},
  publisher={Springer}
}